@misc{ wiki:iot,
	author = "Wikipedia",
	title = "Internet de las cosas --- Wikipedia{,} La enciclopedia libre --- \url{https://es.wikipedia.org/w/index.php?title=Internet_de_las_cosas&oldid=105900761}",
	year = "2018",
	note = "[Internet; descargado 6-marzo-2018]"
}

@misc{ wiki:android,
	author = "Wikipedia",
	title = "Android --- Wikipedia{,} La enciclopedia libre --- \url{https://es.wikipedia.org/w/index.php?title=Android&oldid=108236887}",
	year = "2018",
	note = "[Internet; descargado 30-mayo-2018]"
}

@misc{ wiki:gui,
	author = "Wikipedia",
	title = "Interfaz gráfica de usuario --- Wikipedia{,} La enciclopedia libre --- \url{https://es.wikipedia.org/w/index.php?title=Interfaz_gr%C3%A1fica_de_usuario&oldid=106284851}",
	year = "2018",
	note = "[Internet; descargado 30-mayo-2018]"
}

@misc{ wiki:tk,
	author = "Wikipedia",
	title = "Tkinter --- Wikipedia{,} La enciclopedia libre --- \url{https://es.wikipedia.org/w/index.php?title=Tkinter&oldid=87914348}",
	year = "2015",
	note = "[Internet; descargado 30-mayo-2018]"
}

@misc{ cedom:domotica,
	author = "ASOCIACIÓN ESPAÑOLA DE DOMÓTICA E INMÓTICA",
	title = "\url{http://www.cedom.es/sobre-domotica/que-es-domotica}",
	note = "[Online; accedido 20-mayo-2018]"
}

@misc{ wiki:python,
	author = "Wikipedia",
	title = "Python --- Wikipedia{,} La enciclopedia libre --- \url{https://es.wikipedia.org/w/index.php?title=Python&oldid=107334378}",
	year = "2018",
	note = "[Internet; descargado 30-mayo-2018]"
}

@misc{ android:Handler,
	title = "Documentación Online Android --- \url{https://developer.android.com/reference/android/os/Handler}",
	note = "[Internet; descargado 2-mayo-2018]"
}

@misc{ android:isConnected,
	title = "Documentación Online Android --- \url{https://developer.android.com/reference/java/net/Socket.html#isConnected()}",
	note = "[Internet; descargado 2-mayo-2018]"
}

@misc{ android:close,
	title = "Documentación Online Android --- \url{https://developer.android.com/reference/java/net/Socket.html#close()}",
	note = "[Internet; descargado 2-mayo-2018]"
}

