@book{koza92,
		author    = "Koza, John R.",
		title     = "Genetic Programming: On the Programming of Computers by Means of Natural Selection",
		publisher = "MIT Press",
		year      = "1992"
}


@misc{ wiki:latex,
       author = "Wikipedia",
       title = "LaTeX --- Wikipedia{,} La enciclopedia libre",
       year = "2015",
       note = "[Internet; descargado 30-septiembre-2015]"
}

@misc{ raspberry:raspbian,
	author = "Raspberry Pi Foundation",
	title = "\url{https://www.raspberrypi.org/downloads/}",
	note = "[Online; accedido 22-mayo-2018]"
}

@misc{ etcher:url,
	author = "Resin.io",
	title = "\url{https://etcher.io/}",
	note = "[Online; accedido 22-mayo-2018]"
}

@misc{ wiki:topdown,
	author = "Wikipedia",
	title = "Top-down y bottom-up --- Wikipedia{,} La enciclopedia libre --- \url{https://es.wikipedia.org/w/index.php?title=Top-down_y_bottom-up&oldid=107948796}",
	year = "2018",
	note = "[Internet; descargado 30-mayo-2018]"
}

@misc{ wiki:dafo,
	author = "Wikipedia",
	title = "Análisis DAFO --- Wikipedia{,} La enciclopedia libre --- \url{https://es.wikipedia.org/w/index.php?title=An%C3%A1lisis_DAFO&oldid=108233925}",
	year = "2018",
	note = "[Internet; descargado 30-mayo-2018]"
}

@misc{ placa:odroid,
	author = "ARM® big.LITTLE™ technology",
	title = "ODROID-XU4 --- \url{http://www.hardkernel.com/main/products/prdt_info.php?g_code=G143452239825}",
	note = "[Internet; descargado 30-mayo-2018]"
}

@misc{ python:notebook,
	title = "Documentacion Notebook --- \url{https://docs.python.org/3/library/tkinter.ttk.html#notebook}",
	note = "[Internet; descargado 10-mayo-2018]"
}

